<?xml version="1.0" encoding="UTF-8"?><record xmlns="http://www.loc.gov/MARC21/slim" xmlns:cinclude="http://apache.org/cocoon/include/1.0" xmlns:zs="http://www.loc.gov/zing/srw/">
  <leader>00602nz  a2200157n  4500</leader>
  <controlfield tag="001">no2011024441</controlfield>
  <controlfield tag="003">DLC</controlfield>
  <controlfield tag="005">20110217075216.0</controlfield>
  <controlfield tag="008">110215n| acannaabn          |b aaa     c</controlfield>
  <datafield tag="010" ind1=" " ind2=" ">
    <subfield code="a">no2011024441</subfield>
  </datafield>
  <datafield tag="035" ind1=" " ind2=" ">
    <subfield code="a">(OCoLC)oca08769557</subfield>
  </datafield>
  <datafield tag="040" ind1=" " ind2=" ">
    <subfield code="a">InU</subfield>
    <subfield code="b">eng</subfield>
    <subfield code="c">InU</subfield>
  </datafield>
  <datafield tag="100" ind1="1" ind2=" ">
    <subfield code="a">Ōmori, Mikihiko,</subfield>
    <subfield code="d">1952-</subfield>
  </datafield>
  <datafield tag="400" ind1="1" ind2=" ">
    <subfield code="a">大森美紀彦,</subfield>
    <subfield code="d">1952-</subfield>
  </datafield>
  <datafield tag="667" ind1=" " ind2=" ">
    <subfield code="a">Non-Latin script reference not evaluated</subfield>
  </datafield>
  <datafield tag="670" ind1=" " ind2=" ">
    <subfield code="a">Nihon seiji shisō kenkyū, 2010:</subfield>
    <subfield code="b">t.p. (大森美紀彦 = Ōmori Mikihiko) colophon (r; b. 1952 in Tōkyō-to Mitaka-shi; Master of law, Seikei Daigaku; lectr., Kanagawa Daigaku, Seigakuin Daigaku)</subfield>
  </datafield>
</record>